% reference.bib
% Encoding: UTF-8

@misc{mildenhall_nerf_2020,
	title = {{NeRF}: {Representing} {Scenes} as {Neural} {Radiance} {Fields} for {View} {Synthesis}},
	shorttitle = {{NeRF}},
	
	
	language = {en},
	urldate = {2023-11-29},
	publisher = {arXiv},
	author = {Mildenhall, Ben and Srinivasan, Pratul P. and Tancik, Matthew and Barron, Jonathan T. and Ramamoorthi, Ravi and Ng, Ren},
	month = aug,
	year = {2020},
	note = {arXiv:2003.08934 [cs]},
	keywords = {/reading, Computer Science - Computer Vision and Pattern Recognition, Computer Science - Graphics},
	annote = {Comment: ECCV 2020 (oral). Project page with videos and code: http://tancik.com/nerf},
	
}
